@misc{SMpicture,
  author = "CERN",
  title = "{{The Standard Model and beyond}}",
  accessed = "05.08.20",
  howpublished       = {\url{http://united-states.cern/physics/standard-model-and-beyond}}
}

@misc{DTppt,
  author = "Woodruff, Katherine",
  title = "{{Introduction to boosted decision trees}}",
  year = " September, 2017",
  accessed = "03.06.20",
  howpublished       = {\url{https://indico.fnal.gov/event/15356/contributions/31377/attachments/19671/24560/DecisionTrees.pdf}}
}



@inproceedings{DTpic,
author = {Chiu, Mei-Hung and Yu, Yuh-Ru and Liaw, Hongming and Hao, Lin},
year = {2016},
month = {01},
pages = {},
title = "{{THE USE OF FACIAL MICRO-EXPRESSION STATE AND TREE-FOREST MODEL FOR PREDICTING CONCEPTUAL-CONFLICT BASED CONCEPTUAL CHANGE}}",
accessed = "15.06.20",
howpublished = {\url{https://www.researchgate.net/figure/Basic-structure-of-a-decision-tree-All-decision-trees-are-built-through-recursion_fig3_295860754}}
}

@inproceedings{NNarticle,
author = {Hardesty, Larry},
year = {April, 2017},
pages = {},
title = "{{Explained: Neural networks}}",
accessed = "29.06.20",
howpublished       = {\url{http://news.mit.edu/2017/explained-neural-networks-deep-learning-0414}}
}

@misc{NNpic,
  author = "Nielsen, Michael A.",
  title = "{{Neural Networks and Deep Learning}}",
  year = "2015",
  accessed = "08.07.20",
  howpublished       = {\url{http://neuralnetworksanddeeplearning.com/chap5.html}}
}


@misc{overunderfittingpic,
  author = "Bhande, Anup",
  title = "{{What is underfitting and overfitting in machine learning and how to deal with it}}",
  year = "March, 2018",
  accessed = "08.07.20",
  howpublished       = {\url{https://medium.com/greyatom/what-is-underfitting-and-overfitting-in-machine-learning-and-how-to-deal-with-it-6803a989c76}}
}

@article{BDTpic,
author = {Shoaran, Mahsa and Allahgholizadeh Haghi, Benyamin and Taghavi, Milad and Farivar, Masoud and Emami, Azita},
year = {2018},
month = {06},
pages = {1-1},
title = {{Energy-Efficient Classification for Resource-Constrained Biomedical Applications}},
volume = {PP},
journal = {IEEE Journal on Emerging and Selected Topics in Circuits and Systems},
doi = {10.1109/JETCAS.2018.2844733}
}

@misc{BDT,
    author  = "Nagpal, Anuja",
    title   = "{{Decision Tree Ensembles - Bagging and Boosting}}",
    year = "October, 2017",
    accessed = "02.06.19",
    howpublished = {\url{https://towardsdatascience.com/decision-tree-ensembles-bagging-and-boosting-266a8ba60fd9}}
}

@misc{MLex,
    author  = "Pandey, Parul",
    title   = "{{Understanding the Mathematics behind Gradient Descent}}",
    year = "March, 2019",
    accessed = "09.07.20",
    howpublished = {\url{https://towardsdatascience.com/understanding-the-mathematics-behind-gradient-descent-dde5dc9be06e}}
}

@misc{ROCAUC,
    author  = "Kumar, Ajay and Sushil, Rama and Tiwari, Arvind Kumar",
    title   = "{{Significance of Accuracy Levels in Cancer Prediction using Machine Learning Techniques}}",
    year = "August, 2019",
    accessed = "09.07.20",
    howpublished = {\url{http://bbrc.in/bbrc/significance-of-accuracy-levels-in-cancer-prediction-using-machine-learning-techniques/}}
}

@misc{LHCpic,
    author  = "Haffner, Julie",
    title   = "{{The CERN accelerator complex}}",
    year = "October, 2013",
    accessed = "16.07.20",
    howpublished = {\url{https://cds.cern.ch/images/OPEN-PHO-ACCEL-2013-056-1}}
}

@misc{LHCcern,
    author  = "CERN",
    title   = "{{The Large Hadron Collider}}",
    year = "2020",
    accessed = "16.07.20",
    howpublished = {\url{https://home.cern/science/accelerators/large-hadron-collider}}
}

@misc{ATLAS,
    author  = " The ATLAS Collaboration et al",
    title   = "{{The ATLAS Experiment at the CERN Large Hadron Collider}}",
    year = "2008",
    accessed = "23.07.20",
    howpublished = {\url{https://iopscience.iop.org/article/10.1088/1748-0221/3/08/S08003/pdf}}
}


@misc{hdf5,
    author  = "Wasser, Leah A.",
    title   = "{{Hierarchical Data Formats - What is HDF5?}}",
    accessed = "31.07.20",
    howpublished = {\url{https://www.neonscience.org/about-hdf5}}
}

@misc{PD,
    author  = "Stojiljković, Mirko",
    title   = "{{The Pandas DataFrame: Make Working With Data Delightful}}",
    year = "April, 2020",
    accessed = "03.08.20",
    howpublished = {\url{https://realpython.com/pandas-dataframe/}}
}

@misc{SUSYpic,
    author  = "ATLAS Silicon IFIC",
    title   = "{{SUSY Physics}}",
    accessed = "12.08.20",
    howpublished = {\url{https://ific.uv.es/sct/physics_susy}}
}


@misc{sleptonexclusion,
    author  = "The ATLAS collaboration",
    title   = "{{Search for electroweak production of charginos and sleptons decaying into final states with two leptons and missing transverse momentum in $\sqrt{s}$ = 13 TeV pp collisions using the ATLAS detector}}",
    year = "February, 2020",
    accessed = "10.07.20",
    howpublished = {\url{https://arxiv.org/pdf/1908.08215.pdf}}
}


@misc{monoZexclusion,
    author  = "The ATLAS collaboration",
    title   = "{{Search for an invisibly decaying Higgs boson or dark matter candidates produced in association with a Z-boson in pp collisions at $\sqrt{s}$ = 13 TeV with the ATLAS detector}}",
    year = "December, 2017",
    accessed = "05.08.20",
    howpublished = {\url{https://arxiv.org/pdf/1708.09624.pdf}}
}


@book{Goodfellow-et-al-2016,
    title={{Deep Learning}},
    author={Ian Goodfellow and Yoshua Bengio and Aaron Courville},
    publisher={MIT Press},
    note={\url{http://www.deeplearningbook.org}},
    year={2016}
}

@misc{training_model,
    author  = "Vitaly Bushaev",
    title   = "{{How do we 'train' neural networks}}",
    howpublished = {\url{https://towardsdatascience.com/how-do-we-train-neural-networks-edd985562b73}}
}


@article{activation,
author = {Li, Jin-Cheng and Ng, Wing and S. Yeung, Daniel and P. K. Chan, Patrick},
year = {2014},
month = {02},
pages = {},
title = {{Bi-firing deep neural networks}},
volume = {5},
journal = {International Journal of Machine Learning and Cybernetics},
doi = {10.1007/s13042-013-0198-9}
%https://www.researchgate.net/figure/a-The-sigmoid-b-the-tanh-c-the-rectifier-activation-functions\_fig1\_260525214
}

@misc{Loss,
    author  = "Browniee, Jason",
    title   = "{{How to Choose Loss Functions When Training Deep Learning Neural Networks}}",
    year = "January, 2019",
    accessed = "01.09.20",
    howpublished = {\url{https://machinelearningmastery.com/how-to-choose-loss-functions-when-training-deep-learning-neural-networks/}}
}

@misc{xgboostAbout,
    author  = "dmlc XGBoost",
    title   = "{{About XGBoost}}",
    accessed = "09.09.20",
    howpublished = {\url{https://xgboost.ai/}}
}

@misc{xgboostargument,
    author  = "XGBoost developers",
    title   = "{{Python API Reference}}",
    year = "2020",
    accessed = "01.09.20",
    howpublished = {\url{https://xgboost.readthedocs.io/en/latest/python/python_api.html}}
}

@article{Swish,
  author    = {Prajit Ramachandran and
               Barret Zoph and
               Quoc V. Le},
  title     = {{Searching for Activation Functions}},
  journal   = {CoRR},
  volume    = {abs/1710.05941},
  year      = {2017},
  url       = {http://arxiv.org/abs/1710.05941},
  archivePrefix = {arXiv},
  eprint    = {1710.05941},
  timestamp = {Mon, 13 Aug 2018 16:48:44 +0200},
  biburl    = {https://dblp.org/rec/journals/corr/abs-1710-05941.bib},
  bibsource = {dblp computer science bibliography, https://dblp.org}
}

@misc{accuracy,
    author  = "Sidhu, Rishi",
    title   = "{{Understanding ML Evaluation Metrics — Precision & Recall}}",
    year = "June, 2019",
    accessed = "12.09.20",
    howpublished = {\url{https://medium.com/x8-the-ai-community/understanding-ml-evaluation-metrics-precision-recall-2b3fb915b666}}
}

@book{thomson,
    author         = {Thomson, Mark},
    title          = "{{Modern particle physics}}",
    publisher      = "Cambridge University Press",
    address        = "New York",
    year           = "2013",
}

@misc{EMforce,
    author  = "The Avocado",
    title   = "{{A Primer on Particle Physics, Part 3: Feynman Diagrams}}",
    year = "June, 2020",
    accessed = "18.09.20",
    howpublished = {\url{https://the-avocado.org/2020/07/21/a-primer-on-particle-physics-part-3-feynman-diagrams/}}
}

@misc{STRONGforce,
    author  = "Mattern, Michael",
    title   = "{{The Strong Interaction}}",
    year = "October, 2014",
    accessed = "18.09.20",
    howpublished = {\url{https://www.slideserve.com/wells/the-strong-interaction}}
}

@article{WEAKforce,
author = {Kouzakov, Konstantin and Studenikin, Alexander},
year = {2014},
month = {06},
pages = {},
title = {{Theory of Neutrino-Atom Collisions: The History, Present Status, and BSM Physics}},
volume = {2014},
journal = {Advances in High Energy Physics},
doi = {10.1155/2014/569409}
}


@inproceedings{Xin2007GlashowWeinbergSalamMA,
  title={{Glashow-Weinberg-Salam Model: An Example of Electroweak Symmetry Breaking}},
  author={Xin, Xianhao},
  year={2007}
}


@article{Higgs_ATLAS,
      author         = "Aad, Georges and others",
      title          = "{{Observation of a new particle in the search for the
                        Standard Model Higgs boson with the ATLAS detector at the
                        LHC}}",
      collaboration  = "ATLAS",
      journal        = "Phys. Lett.",
      volume         = "B716",
      year           = "2012",
      pages          = "1-29",
      eprint         = "1207.7214",
      archivePrefix  = "arXiv",
      primaryClass   = "hep-ex",
      reportNumber   = "CERN-PH-EP-2012-218",
      SLACcitation   = "%%CITATION = ARXIV:1207.7214;%%"
}

@article{Higgs_CMS,
      author         = "Chatrchyan, Serguei and others",
      title          = "{{Observation of a new boson at a mass of 125 GeV with the
                        CMS experiment at the LHC}}",
      collaboration  = "CMS",
      journal        = "Phys. Lett.",
      volume         = "B716",
      year           = "2012",
      pages          = "30-61",
      eprint         = "1207.7235",
      archivePrefix  = "arXiv",
      primaryClass   = "hep-ex",
      reportNumber   = "CMS-HIG-12-028, CERN-PH-EP-2012-220",
      SLACcitation   = "%%CITATION = ARXIV:1207.7235;%%"
}


@article{48,
    author = "Alwall, J. and Frederix, R. and Frixione, S. and Hirschi, V. and Maltoni, F. and Mattelaer, O. and Shao, H. -S. and Stelzer, T. and Torrielli, P. and Zaro, M.",
    title = "{{The automated computation of tree-level and next-to-leading order differential cross sections, and their matching to parton shower simulations}}",
    eprint = "1405.0301",
    archivePrefix = "arXiv",
    primaryClass = "hep-ph",
    reportNumber = "CERN-PH-TH-2014-064, CP3-14-18, LPN14-066, MCNET-14-09, ZU-TH-14-14",
    doi = "10.1007/JHEP07(2014)079",
    journal = "JHEP",
    volume = "07",
    pages = "079",
    year = "2014"
}

@article{49,
   title={{A brief introduction to PYTHIA 8.1}},
   volume={178},
   ISSN={0010-4655},
   url={http://dx.doi.org/10.1016/j.cpc.2008.01.036},
   DOI={10.1016/j.cpc.2008.01.036},
   number={11},
   journal={Computer Physics Communications},
   publisher={Elsevier BV},
   author={Sjöstrand, Torbjörn and Mrenna, Stephen and Skands, Peter},
   year={2008},
   month={Jun},
   pages={852–867}
}

@techreport{50,
      title         = "{{ATLAS Pythia 8 tunes to 7 TeV datas}}",
      institution   = "CERN",
      address       = "Geneva",
      number        = "ATL-PHYS-PUB-2014-021",
      month         = "Nov",
      year          = "2014",
      reportNumber  = "ATL-PHYS-PUB-2014-021",
      url           = "https://cds.cern.ch/record/1966419",
}


@article{51,
   title={{Parton distributions with LHC data}},
   volume={867},
   ISSN={0550-3213},
   url={http://dx.doi.org/10.1016/j.nuclphysb.2012.10.003},
   DOI={10.1016/j.nuclphysb.2012.10.003},
   number={2},
   journal={Nuclear Physics B},
   publisher={Elsevier BV},
   author={Ball, Richard D. and Bertone, Valerio and Carrazza, Stefano and Deans, Christopher S. and Del Debbio, Luigi and Forte, Stefano and Guffanti, Alberto and Hartland, Nathan P. and Latorre, José I. and Rojo, Juan and et al.},
   year={2013},
   month={Feb},
   pages={244–289}
}

@article{52,
   title={{Merging multi-leg NLO matrix elements with parton showers}},
   volume={2013},
   ISSN={1029-8479},
   url={http://dx.doi.org/10.1007/JHEP03(2013)166},
   DOI={10.1007/jhep03(2013)166},
   number={3},
   journal={Journal of High Energy Physics},
   publisher={Springer Science and Business Media LLC},
   author={Lönnblad, Leif and Prestel, Stefan},
   year={2013},
   month={Mar}
}

@article{53,
   title={{Threshold resummation for gaugino pair production at hadron colliders}},
   volume={842},
   ISSN={0550-3213},
   url={http://dx.doi.org/10.1016/j.nuclphysb.2010.08.016},
   DOI={10.1016/j.nuclphysb.2010.08.016},
   number={1},
   journal={Nuclear Physics B},
   publisher={Elsevier BV},
   author={Debove, Jonathan and Fuks, Benjamin and Klasen, Michael},
   year={2011},
   month={Jan},
   pages={51–85}
}


@article{54,
   title={{Gaugino production in proton-proton collisions at a center-of-mass energy of 8 TeV}},
   volume={2012},
   ISSN={1029-8479},
   url={http://dx.doi.org/10.1007/JHEP10(2012)081},
   DOI={10.1007/jhep10(2012)081},
   number={10},
   journal={Journal of High Energy Physics},
   publisher={Springer Science and Business Media LLC},
   author={Fuks, Benjamin and Klasen, Michael and Lamprea, David R. and Rothering, Marcel},
   year={2012},
   month={Oct}
}

@article{55,
   title={{Precision predictions for electroweak superpartner production at hadron colliders with Resummino}},
   volume={73},
   ISSN={1434-6052},
   url={http://dx.doi.org/10.1140/epjc/s10052-013-2480-0},
   DOI={10.1140/epjc/s10052-013-2480-0},
   number={7},
   journal={The European Physical Journal C},
   publisher={Springer Science and Business Media LLC},
   author={Fuks, Benjamin and Klasen, Michael and Lamprea, David R. and Rothering, Marcel},
   year={2013},
   month={Jul}
}

@article{56,
    author = "Fiaschi, Juri and Klasen, Michael",
    title = "{{Neutralino-chargino pair production at NLO+NLL with resummation-improved parton density functions for LHC Run II}}",
    eprint = "1805.11322",
    archivePrefix = "arXiv",
    primaryClass = "hep-ph",
    reportNumber = "MS-TP-18-19",
    doi = "10.1103/PhysRevD.98.055014",
    journal = "Phys. Rev. D",
    volume = "98",
    number = "5",
    pages = "055014",
    year = "2018"
}

@article{57,
    author = "Bozzi, Giuseppe and Fuks, Benjamin and Klasen, Michael",
    title = "{{Threshold Resummation for Slepton-Pair Production at Hadron Colliders}}",
    eprint = "hep-ph/0701202",
    archivePrefix = "arXiv",
    reportNumber = "KA-TP-02-2007, LPSC-07-002",
    doi = "10.1016/j.nuclphysb.2007.03.052",
    journal = "Nucl. Phys. B",
    volume = "777",
    pages = "157--181",
    year = "2007"
}


@article{58,
    author = "Fuks, Benjamin and Klasen, Michael and Lamprea, David R. and Rothering, Marcel",
    title = "{{Revisiting slepton pair production at the Large Hadron Collider}}",
    eprint = "1310.2621",
    archivePrefix = "arXiv",
    primaryClass = "hep-ph",
    reportNumber = "MS-TP-13-35, CERN-PH-TH-2013-240",
    doi = "10.1007/JHEP01(2014)168",
    journal = "JHEP",
    volume = "01",
    pages = "168",
    year = "2014"
}

@article{59,
    author = "Fiaschi, Juri and Klasen, Michael",
    title = "{{Slepton pair production at the LHC in NLO+NLL with resummation-improved parton densities}}",
    eprint = "1801.10357",
    archivePrefix = "arXiv",
    primaryClass = "hep-ph",
    reportNumber = "MS-TP-18-03",
    doi = "10.1007/JHEP03(2018)094",
    journal = "JHEP",
    volume = "03",
    pages = "094",
    year = "2018"
}


@article{60,
   title={{Squark and gluino production cross sections in pp collisions at $\sqrt{s}$ = 13, 14 and 100 TeV}},
   volume={74},
   ISSN={1434-6052},
   url={http://dx.doi.org/10.1140/epjc/s10052-014-3174-y},
   DOI={10.1140/epjc/s10052-014-3174-y},
   number={12},
   journal={The European Physical Journal C},
   publisher={Springer Science and Business Media LLC},
   author={Borschensky, Christoph and Krämer, Michael and Kulesza, Anna and Mangano, Michelangelo and Padhi, Sanjay and Plehn, Tilman and Portell, Xavier},
   year={2014},
   month={Dec}
}

@misc{AF,
    author    = "Sharma, Sagar",
    title     = "{{Activation Functions: Neural Networks}}",
    howpublished       = {\url{https://towardsdatascience.com/activation-functions-neural-networks-1cbd9f8d91d6}}
}

@misc{SGD_momentum,
    author  = "Vitaly Bushaev",
    title   = "{{Stochastic Gradient Descent with momentum}}",
    howpublished = {\url{https://towardsdatascience.com/stochastic-gradient-descent-with-momentum-a84097641a5d}}
}

@unpublished{tracks,
      author        = "Joao Pequenao",
      title         = "{{Event Cross Section in a computer generated image of the
                       ATLAS detector}}",
      month         = "Mar",
      year          = "2008",
      reportNumber  = "CERN-GE-0803022",
      url           = "https://cds.cern.ch/record/1096081",
}


@article{coordinatesystem,
   title={{Review of single vector boson production in pp collisions at $\sqrt{s} = 7$ {TeV}}},
   volume={74},
   ISSN={1434-6052},
   url={http://dx.doi.org/10.1140/epjc/s10052-014-2916-1},
   DOI={10.1140/epjc/s10052-014-2916-1},
   number={7},
   journal={The European Physical Journal C},
   publisher={Springer Science and Business Media LLC},
   author={Schott, Matthias and Dunford, Monica},
   year={2014},
   month={Jul}
}

@article{innerdetector,
	doi = {10.1088/1748-0221/3/08/s08003},
	url = {https://doi.org/10.1088%2F1748-0221%2F3%2F08%2Fs08003},
	year = 2008,
	month = {aug},
	publisher = {{IOP} Publishing},
	volume = {3},
	number = {08},
	pages = {S08003--S08003},
	author = {The ATLAS Collaboration},
	title = {{The {ATLAS} Experiment at the {CERN} Large Hadron Collider}},
	journal = {Journal of Instrumentation}
}

@article{magnetsystem,
      author        = "Goncalves, Tiago Barreiro",
      title         = "{{3D Printing the ATLAS' barrel toroid}}",
      month         = "Aug",
      year          = "2016",
      reportNumber  = "CERN-STUDENTS-Note-2016-136",
      url           = "https://cds.cern.ch/record/2210547",
}

@article{Zmed,
title = "{{Observation of neutrino-like interactions without muon or electron in the gargamelle neutrino experiment}}",
journal = "Physics Letters B",
volume = "46",
number = "1",
pages = "138 - 140",
year = "1973",
issn = "0370-2693",
doi = "https://doi.org/10.1016/0370-2693(73)90499-1",
url = "http://www.sciencedirect.com/science/article/pii/0370269373904991",
author = "F.J. Hasert and S. Kabe and W. Krenz and J. {Von Krogh} and D. Lanske and J. Morfin and K. Schultze and H. Weerts and G.H. Bertrand-Coremans and J. Sacton and W. {Van Doninck} and P. Vilain and U. Camerini and D.C. Cundy and R. Baldi and I. Danilchenko and W.F. Fry and D. Haidt and S. Natali and P. Musset and B. Osculati and R. Palmer and J.B.M. Pattison and D.H. Perkins and A. Pullia and A. Rousset and W. Venus and H. Wachsmuth and V. Brisson and B. Degrange and M. Haguenauer and L. Kluberg and U. Nguyen-Khac and P. Petiau and E. Belotti and S. Bonetti and D. Cavalli and C. Conta and E. Fiorini and M. Rollier and B. Aubert and D. Blum and L.M. Chounet and P. Heusse and A. Lagarrigue and A.M. Lutz and A. Orkin-Lecourtois and J.P. Vialle and F.W. Bullock and M.J. Esten and T.W. Jones and J. McKenzie and A.G. Michette and G. Myatt and W.G. Scott"
}

@article{WZ1,
title = "{{Experimental observation of isolated large transverse energy electrons with associated missing energy at $\sqrt{s}$ = 540 GeV}}",
journal = "Physics Letters B",
volume = "122",
number = "1",
pages = "103 - 116",
year = "1983",
issn = "0370-2693",
doi = "https://doi.org/10.1016/0370-2693(83)91177-2",
url = "http://www.sciencedirect.com/science/article/pii/0370269383911772",
author = "G. Arnison and A. Astbury and B. Aubert and C. Bacci and G. Bauer and A. Bézaguet and R. Böck and T.J.V. Bowcock and M. Calvetti and T. Carroll and P. Catz and P. Cennini and S. Centro and F. Ceradini and S. Cittolin and D. Cline and C. Cochet and J. Colas and M. Corden and D. Dallman and M. DeBeer and M. {Della Negra} and M. Demoulin and D. Denegri and A. {Di Ciaccio} and D. DiBitonto and L. Dobrzynski and J.D. Dowell and M. Edwards and K. Eggert and E. Eisenhandler and N. Ellis and P. Erhard and H. Faissner and G. Fontaine and R. Frey and R. Frühwirth and J. Garvey and S. Geer and C. Ghesquière and P. Ghez and K.L. Giboni and W.R. Gibson and Y. Giraud-Héraud and A. Givernaud and A. Gonidec and G. Grayer and P. Gutierrez and T. Hansl-Kozanecka and W.J. Haynes and L.O. Hertzberger and C. Hodges and D. Hoffmann and H. Hoffmann and D.J. Holthuizen and R.J. Homer and A. Honma and W. Jank and G. Jorat and P.I.P. Kalmus and V. Karimäki and R. Keeler and I. Kenyon and A. Kernan and R. Kinnunen and H. Kowalski and W. Kozanecki and D. Kryn and F. Lacava and J.-P. Laugier and J.-P. Lees and H. Lehmann and K. Leuchs and A. Lévêque and E. Linglin and E. Locci and M. Loret and J.-J. Malosse and T. Markiewicz and G. Maurin and T. McMahon and J.-P. Mendiburu and M.-N. Minard and M. Moricca and H. Muirhead and F. Muller and A.K. Nandi and L. Naumann and A. Norton and A. Orkin-Lecourtois and L. Paoluzi and G. Petrucci and G.Piano Mortari and M. Pimiä and A. Placci and E. Radermacher and J. Ransdell and H. Reithler and J.-P. Revol and J. Rich and M. Rijssenbeek and C. Roberts and J. Rohlf and P. Rossi and C. Rubbia and B. Sadoulet and G. Sajot and G. Salvi and J. Salvini and J. Sass and A. Saudraix and A. Savoy-Navarro and D. Schinzel and W. Scott and T.P. Shah and M. Spiro and J. Strauss and K. Sumorok and F. Szoncso and D. Smith and C. Tao and G. Thompson and J. Timmer and E. Tscheslog and J. Tuominiemi and S. {Van der Meer} and J.-P. Vialle and J. Vrana and V. Vuillemin and H.D. Wahl and P. Watkins and J. Wilson and Y.G. Xie and M. Yvert and E. Zurfluh"
}


@article{WZ2,
title = "{{Experimental observation of lepton pairs of invariant mass around 95 GeV/c2 at the CERN SPS collider}}",
journal = "Physics Letters B",
volume = "126",
number = "5",
pages = "398 - 410",
year = "1983",
issn = "0370-2693",
doi = "https://doi.org/10.1016/0370-2693(83)90188-0",
url = "http://www.sciencedirect.com/science/article/pii/0370269383901880",
author = "G. Arnison and A. Astbury and B. Aubert and C. Bacci and G. Bauer and A. Bézaguet and R. Böck and T.J.V. Bowcock and M. Calvetti and P. Catz and P. Cennini and S. Centro and F. Ceradini and S. Cittolin and D. Cline and C. Cochet and J. Colas and M. Corden and D. Dallman and D. Dau and M. DeBeer and M.Della Negra and M. Demoulin and D. Denegri and A. {Di Ciaccio} and D. Dibitonto and L. Dobrzynski and J.D. Dowell and K. Eggert and E. Eisenhandler and N. Ellis and P. Erhard and H. Faissner and M. Fincke and G. Fontaine and R. Frey and R. Frühwirth and J. Garvey and S. Geer and C. Ghesquière and P. Ghez and K. Giboni and W.R. Gibson and Y. Giraud-Héraud and A. Givernaud and A. Gonidec and G. Grayer and T. Hansl-Kozaȧecka and W.J. Haynes and L.O. Hertzberger and C. Hodges and D. Hoffmann and H. Hoffmann and D.J. Holthuizen and R.J. Homer and A. Honma and W. Jank and G. Jorat and P.I.P. Kalmus and V. Karimäki and R. Keeler and I. Kenyon and A. Kernan and R. Kinnunen and W. Kozanecki and D. Kryn and F. Lacava and J.-P. Laugier and J.-P. Lees and H. Lehmann and R. Leuchs and A. Lévêque and D. Linglin and E. Locci and J.-J. Malosse and T. Markiewicz and G. Maurin and T. McMahon and J.-P. Mendiburu and M.-N. Minard and M. Mohammadi and M. Moricca and K. Morgan and H. Muirhead and F. Muller and A.K. Nandi and L. Naumann and A. Norton and A. Orkin-Lecourtois and L. Paoluzi and F. Pauss and G.Piano Mortari and E. Pietarinen and M. Pimiä and A. Placci and J.P. Porte and E. Radermacher and J. Ransdell and H. Reithler and J.-P. Revol and J. Rich and M. Rijssenbeek and C. Roberts and J. Rohlf and P. Rossi and C. Rubbia and B. Sadoulet and G. Sajot and G. Salvi and G. Salvini and J. Sass and J. Saudraix and A. Savoy-Navarro and D. Schinzel and W. Scott and T.P. Shah and M. Spiro and J. Strauss and J. Streets and K. Sumorok and F. Szoncso and D. Smith and C. Tao and G. Thompson and J. Timmer and E. Tscheslog and J. Touminiemi and B. {Van Eijk} and J.-P. Vialle and J. Vrana and V. Vuillemin and H.D. Wahl and P. Watkins and J. Wilson and C. Wulz and G.Y. Xie and M. Yvert and E. Zurfluh"
}

@article{WZ3,
title = "{{Observation of single isolated electrons of high transverse momentum in events with missing transverse energy at the CERN pp collider}}",
journal = "Physics Letters B",
volume = "122",
number = "5",
pages = "476 - 485",
year = "1983",
issn = "0370-2693",
doi = "https://doi.org/10.1016/0370-2693(83)91605-2",
url = "http://www.sciencedirect.com/science/article/pii/0370269383916052",
author = "M. Banner and R. Battiston and Ph. Bloch and F. Bonaudi and K. Borer and M. Borghini and J.-C. Chollet and A.G. Clark and C. Conta and P. Darriulat and L. {Di Lella} and J. Dines-Hansen and P.-A. Dorsaz and L. Fayard and M. Fraternali and D. Froidevaux and J.-M. Gaillard and O. Gildemeister and V.G. Goggi and H. Grote and B. Hahn and H. Hänni and J.R. Hansen and P. Hansen and T. Himel and V. Hungerbühler and P. Jenni and O. Kofoed-Hansen and E. Lançon and M. Livan and S. Loucatos and B. Madsen and P. Mani and B. Mansoulie and G.C. Mantovani and L. Mapelli and B. Merkel and M. Mermikides and R. Møllerud and B. Nilsson and C. Onions and G. Parrour and F. Pastore and H. Plothow-Besch and M. Polverel and J.-P. Repellin and A. Rothenberg and A. Roussarie and G. Sauvage and J. Schacher and J.L. Siegrist and H.M. Steiner and G. Stimpfl and F. Stocker and J. Teiger and V. Vercesi and A. Weidberg and H. Zaccone and W. Zeller"
}




@misc{keras,
    title   = "{{Keras API reference}}",
    howpublished = {\url{https://keras.io/api/}}
}


@article{49Z,
   title={NLO Higgs boson production via gluon fusion matched with shower in POWHEG},
   volume={2009},
   ISSN={1029-8479},
   url={http://dx.doi.org/10.1088/1126-6708/2009/04/002},
   DOI={10.1088/1126-6708/2009/04/002},
   number={04},
   journal={Journal of High Energy Physics},
   publisher={Springer Science and Business Media LLC},
   author={Alioli, Simone and Nason, Paolo and Oleari, Carlo and Re, Emanuele},
   year={2009},
   month={Apr},
   pages={002–002}
}


@article{50Z,
   title={NLO Higgs boson production via vector-boson fusion matched with shower in POWHEG},
   volume={2010},
   ISSN={1029-8479},
   url={http://dx.doi.org/10.1007/JHEP02(2010)037},
   DOI={10.1007/jhep02(2010)037},
   number={2},
   journal={Journal of High Energy Physics},
   publisher={Springer Science and Business Media LLC},
   author={Nason, Paolo and Oleari, Carlo},
   year={2010},
   month={Feb}
}

@article{51Z,
   title={New parton distributions for collider physics},
   volume={82},
   ISSN={1550-2368},
   url={http://dx.doi.org/10.1103/PhysRevD.82.074024},
   DOI={10.1103/physrevd.82.074024},
   number={7},
   journal={Physical Review D},
   publisher={American Physical Society (APS)},
   author={Lai, Hung-Liang and Guzzi, Marco and Huston, Joey and Li, Zhao and Nadolsky, Pavel M. and Pumplin, Jon and Yuan, C.-P.},
   year={2010},
   month={Oct}
}

@article{52Z,
   title={A brief introduction to PYTHIA 8.1},
   volume={178},
   ISSN={0010-4655},
   url={http://dx.doi.org/10.1016/j.cpc.2008.01.036},
   DOI={10.1016/j.cpc.2008.01.036},
   number={11},
   journal={Computer Physics Communications},
   publisher={Elsevier BV},
   author={Sjöstrand, Torbjörn and Mrenna, Stephen and Skands, Peter},
   year={2008},
   month={Jun},
   pages={852–867}
}

@article{53Z,
   title={MINLO: multi-scale improved NLO},
   volume={2012},
   ISSN={1029-8479},
   url={http://dx.doi.org/10.1007/JHEP10(2012)155},
   DOI={10.1007/jhep10(2012)155},
   number={10},
   journal={Journal of High Energy Physics},
   publisher={Springer Science and Business Media LLC},
   author={Hamilton, Keith and Nason, Paolo and Zanderighi, Giulia},
   year={2012},
   month={Oct}
}

@article{54Z,
   title={The automated computation of tree-level and next-to-leading order differential cross sections, and their matching to parton shower simulations},
   volume={2014},
   ISSN={1029-8479},
   url={http://dx.doi.org/10.1007/JHEP07(2014)079},
   DOI={10.1007/jhep07(2014)079},
   number={7},
   journal={Journal of High Energy Physics},
   publisher={Springer Science and Business Media LLC},
   author={Alwall, J. and Frederix, R. and Frixione, S. and Hirschi, V. and Maltoni, F. and Mattelaer, O. and Shao, H.-S. and Stelzer, T. and Torrielli, P. and Zaro, M.},
   year={2014},
   month={Jul}
}

@article{55Z,
   title={Parton distributions for the LHC run II},
   volume={2015},
   ISSN={1029-8479},
   url={http://dx.doi.org/10.1007/JHEP04(2015)040},
   DOI={10.1007/jhep04(2015)040},
   number={4},
   journal={Journal of High Energy Physics},
   publisher={Springer Science and Business Media LLC},
   author={Ball, Richard D. and Bertone, Valerio and Carrazza, Stefano and Deans, Christopher S. and Del Debbio, Luigi and Forte, Stefano and Guffanti, Alberto and Hartland, Nathan P. and Latorre, José I. and et al.},
   year={2015},
   month={Apr}
}

@article{56Z,
   title={Measurement of the Z/$\gamma^*$ boson transverse momentum distribution in pp collisions at s = 7 $ \sqrt{s}=7 $ TeV with the ATLAS detector},
   volume={2014},
   ISSN={1029-8479},
   url={http://dx.doi.org/10.1007/JHEP09(2014)145},
   DOI={10.1007/jhep09(2014)145},
   number={9},
   journal={Journal of High Energy Physics},
   publisher={Springer Science and Business Media LLC},
   author={Aad, G. and Abbott, B. and Abdallah, J. and Abdel Khalek, S. and Abdinov, O. and Aben, R. and Abi, B. and Abolins, M. and AbouZeid, O. S. and et al.},
   year={2014},
   month={Sep}
}

@techreport{57Z,
      title         = "{ATLAS Pythia 8 tunes to 7 TeV datas}",
      institution   = "CERN",
      address       = "Geneva",
      number        = "ATL-PHYS-PUB-2014-021",
      month         = "Nov",
      year          = "2014",
      reportNumber  = "ATL-PHYS-PUB-2014-021",
      url           = "https://cds.cern.ch/record/1966419",
}

@article{44Z,
   title={Dark Matter benchmark models for early LHC Run-2 Searches: Report of the ATLAS/CMS Dark Matter Forum},
   volume={27},
   ISSN={2212-6864},
   url={http://dx.doi.org/10.1016/j.dark.2019.100371},
   DOI={10.1016/j.dark.2019.100371},
   journal={Physics of the Dark Universe},
   publisher={Elsevier BV},
   author={Abercrombie, Daniel and Akchurin, Nural and Akilli, Ece and Maestre, Juan Alcaraz and Allen, Brandon and Gonzalez, Barbara Alvarez and Andrea, Jeremy and Arbey, Alexandre and Azuelos, Georges and Azzi, Patrizia and et al.},
   year={2020},
   month={Jan},
   pages={100371}
}

@article{3Z,
    author = "de Florian, D. and others",
    collaboration = "LHC Higgs Cross Section Working Group",
    title = "{Handbook of LHC Higgs Cross Sections: 4. Deciphering the Nature of the Higgs Sector}",
    eprint = "1610.07922",
    archivePrefix = "arXiv",
    primaryClass = "hep-ph",
    reportNumber = "CERN-2017-002-M, CERN-2017-002",
    doi = "10.23731/CYRM-2017-002",
    volume = "2/2017",
    month = "10",
    year = "2016"
}

@article{ATLASdetector,
    author = "Aad, G. and others",
    collaboration = "ATLAS",
    title = "{The ATLAS Experiment at the CERN Large Hadron Collider}",
    doi = "10.1088/1748-0221/3/08/S08003",
    journal = "JINST",
    volume = "3",
    pages = "S08003",
    year = "2008"
}


@article{sherpa1_1,
   title={Event generation with SHERPA 1.1},
   volume={2009},
   ISSN={1029-8479},
   url={http://dx.doi.org/10.1088/1126-6708/2009/02/007},
   DOI={10.1088/1126-6708/2009/02/007},
   number={02},
   journal={Journal of High Energy Physics},
   publisher={Springer Science and Business Media LLC},
   author={Gleisberg, T and Höche, S and Krauss, F and Schönherr, M and Schumann, S and Siegert, F and Winter, J},
   year={2009},
   month={Feb},
   pages={007–007}
}




@Article{sherpa1_2,
	title={{Event Generation with Sherpa 2.2}},
	author={Enrico Bothmann and Gurpreet Singh Chahal and Stefan Höche and Johannes Krause and Frank Krauss and Silvan Kuttimalai and Sebastian Liebschner and Davide Napoletano and Marek Schönherr and Holger Schulz and Steffen Schumann and Frank Siegert},
	journal={SciPost Phys.},
	volume={7},
	issue={3},
	pages={34},
	year={2019},
	publisher={SciPost},
	doi={10.21468/SciPostPhys.7.3.034},
	url={https://scipost.org/10.21468/SciPostPhys.7.3.034},
}


@techreport{sherpa1_3,
      title         = "{Monte Carlo Generators for the Production of a $W$ or
                       $Z/\gamma^*$ Boson in Association with Jets at ATLAS in Run
                       2}",
      institution   = "CERN",
      address       = "Geneva",
      number        = "ATL-PHYS-PUB-2016-003",
      month         = "Jan",
      year          = "2016",
      reportNumber  = "ATL-PHYS-PUB-2016-003",
      url           = "https://cds.cern.ch/record/2120133",
}

@techreport{sherpa2_1,
      title         = "{Multi-Boson Simulation for 13 TeV ATLAS Analyses}",
      institution   = "CERN",
      collaboration = "ATLAS Collaboration",
      address       = "Geneva",
      number        = "ATL-PHYS-PUB-2017-005",
      month         = "May",
      year          = "2017",
      reportNumber  = "ATL-PHYS-PUB-2017-005",
      url           = "https://cds.cern.ch/record/2261933",
}


@article{NLO,
   title={The automated computation of tree-level and next-to-leading order differential cross sections, and their matching to parton shower simulations},
   volume={2014},
   ISSN={1029-8479},
   url={http://dx.doi.org/10.1007/JHEP07(2014)079},
   DOI={10.1007/jhep07(2014)079},
   number={7},
   journal={Journal of High Energy Physics},
   publisher={Springer Science and Business Media LLC},
   author={Alwall, J. and Frederix, R. and Frixione, S. and Hirschi, V. and Maltoni, F. and Mattelaer, O. and Shao, H.-S. and Stelzer, T. and Torrielli, P. and Zaro, M.},
   year={2014},
   month={Jul}
}

@article{NNLO,
   title={FEWZ 2.0: A code for hadronic Z production at next-to-next-to-leading order},
   volume={182},
   ISSN={0010-4655},
   url={http://dx.doi.org/10.1016/j.cpc.2011.06.008},
   DOI={10.1016/j.cpc.2011.06.008},
   number={11},
   journal={Computer Physics Communications},
   publisher={Elsevier BV},
   author={Gavin, Ryan and Li, Ye and Petriello, Frank and Quackenbush, Seth},
   year={2011},
   month={Nov},
   pages={2388–2403}
}




@misc{root,
    title   = "{{ROOT project}}",
    howpublished = {\url{https://github.com/root-project/root/#cite}}
}





@article{Lester:1999tx,
    author = "Lester, C.G. and Summers, D.J.",
    title = "{Measuring masses of semiinvisibly decaying particles pair produced at hadron colliders}",
    eprint = "hep-ph/9906349",
    archivePrefix = "arXiv",
    reportNumber = "CAVENDISH-HEP-99-07",
    doi = "10.1016/S0370-2693(99)00945-4",
    journal = "Phys. Lett. B",
    volume = "463",
    pages = "99--103",
    year = "1999"
}

@article{Barr:2003rg,
    author = "Barr, Alan and Lester, Christopher and Stephens, P.",
    title = "{m(T2): The Truth behind the glamour}",
    eprint = "hep-ph/0304226",
    archivePrefix = "arXiv",
    reportNumber = "CAVENDISH-HEP-2002-02-14",
    doi = "10.1088/0954-3899/29/10/304",
    journal = "J. Phys. G",
    volume = "29",
    pages = "2343--2363",
    year = "2003"
}








